@book{Sal89,
author={Salton, Gerard},
year={1989},
title={Automatic Text Processing},
publisher={Addison-Wesley}
}


@article{Spa72,
author={{Sp\"arck Jones}, Karen},
year={1972},
title={A Statistical Interpretation of Term Specificity and its Application in Retrieval},
journal={Journal of Documentation},
volume={28},
number={1},
pages={11-21}
}


@book{MosWal64,
author={Mosteller, Fredrick and David Wallace},
year={1964},
title={Inference and Disputed Authorship: The Federalist},
publisher={Addison-Wesley},
address={Reading, Massachusetts}
}

@incollection{Kay86,
  AUTHOR = {Kay, Martin},
  TITLE = {Parsing in Functional Unification Grammar},
  YEAR = {1986},
  BOOKTITLE = {Readings in Natural Language Processing},
  EDITOR = {B. J. Grosz and K. {Sp\"arck Jones} and B. L. Webber},
  PUBLISHER = {Morgan Kaufmann Publishers},
  ADDRESS = {Los Altos},
  PAGES = {125-138}
}

@incollection{Eis+10,
  AUTHOR = {Jacob Eisenstein and Brendan O'Connor and Noah A. Smith and Eric P. Xing},
  TITLE = {A latent variable model for geographic lexical variation},
  YEAR = {2010},
  BOOKTITLE = {Proceedings of the 2010 Conference on Empirical Methods in Natural Language Processing (EMNLP 2010)},
  ADDRESS = {Cambridge, USA},
  PAGES = {1277-1287}
}

@incollection{DerKni15,
  AUTHOR = {A. Deri and K. Knight},
  TITLE = {How to Make a Frenemy: Multitape {FSTs} for Portmanteau Generation},
  YEAR = {2015},
  BOOKTITLE = {Human Language Technologies: The 2015 Annual Conference of the North American Chapter of the ACL},
  ADDRESS = {Denver, USA},
  PAGES = {206-210}
}

@incollection{DasGho17,
  AUTHOR = {K. Das and S. Ghosh},
  TITLE = {Neuramanteau: A Neural Network Ensemble Model for Lexical Blends},
  YEAR = {2017},
  BOOKTITLE = {Proceedings of the The 8th International Joint Conference on Natural Language Processing},
  ADDRESS = {Taipei, Taiwan},
  PAGES = {576-583}
}

@article{CooSte10,
    title = {Automatically Identifying the Source Words of Lexical Blends in {E}nglish},
    author = {Paul Cook and Suzanne Stevenson},
    journal = {Computational Linguistics},
    volume = {36},
    number = {1},
    year = {2010},
    pages = {129--149},
}
